@misc{nvidiacuda,
author = {},
title = {Procesamiento paralelo mediante CUDA},
howpublished = {\newline \url{http://www.nvidia.es/object/cuda-parallel-computing-es.html}},
month = {},
year = {}
}

@misc{nvidiadeveloper,
	author = {},
	title = {NVIDIA Developer},
	howpublished = {\newline \url{https://developer.nvidia.com/}},
	month = {},
	year = {},
	note = {(Accessed on 01/07/2016)}
}

@misc{cudaimpact,
	author = {},
	title = {Impact: CUDA framework},
	howpublished = {\newline \url{http://impact.crhc.illinois.edu/mcuda.aspx}},
	month = {},
	year = {}
}
@misc{cudagpuocelot,
	author = {},
	title = {gpuocelot: Framework dinámico de compilación que soporta CUDA},
	howpublished = {\newline \url{https://code.google.com/archive/p/gpuocelot/}},
	month = {},
	year = {}
}

@misc{agpython,
	author = {},
	title = {Algoritmo genético en Python},
	howpublished = {\newline \url{http://robologs.net/2015/09/01/como-programar-un-algoritmo-genetico-parte-ii-implementacion-en-python/}},
	month = {},
	year = {}
}
@misc{agjava,
	author = {},
	title = {JGAP: Framework java para realizar algoritmos genéticos},
	howpublished = {\newline \url{http://jgap.sourceforge.net/}},
	month = {},
	year = {}
}
@misc{agmatlab,
	author = {},
	title = {'Global Optimization Toolbox' para MatLab},
	howpublished = {\newline \url{http://es.mathworks.com/products/global-optimization/}},
	month = {},
	year = {}
}
@misc{agandar,
	author = {},
	title = {Simulación de algoritmo genético del aprendizaje de un robot a andar},
	howpublished = {\newline \url{http://rednuht.org/genetic_walkers/}},
	month = {},
	year = {}
}
@misc{agcoche,
	author = {},
	title = {Simulación de algoritmo genético en la creación de la forma de un vehículo},
	howpublished = {\newline \url{http://gencar.co/}},
	month = {},
	year = {}
}
@misc{rcuda,
	author = {},
	title = {Framework rCUDA para ejecutar programas CUDA en un servidor externo},
	howpublished = {\newline \url{http://www.rcuda.net/index.php/what-s-rcuda.html}},
	month = {},
	year = {}
}
@misc{amazoncuda,
	author = {},
	title = {Instancia en Amazon Web Services que permita usar la GPU},
	howpublished = {\newline \url{https://aws.amazon.com/blogs/aws/new-ec2-instance-type-the-cluster-gpu-instance/}},
	month = {},
	year = {}
}

@misc{paralelizacioncuda,
	author = {},
	title = {Trabajo sobre la paralelización de algoritmos basados en poblaciones por medio de GPGPU},
	howpublished = {\newline \url{http://posgrado.itlp.edu.mx/uploads/4f335b50b576b.pdf}},
	month = {},
	year = {}
}

@misc{optimizacionparalelizacioncuda,
	author = {},
	title = {Optimización en paralelo basada en poblaciones usando GPGPU },
	howpublished = {\newline \url{https://dialnet.unirioja.es/servlet/articulo?codigo=3985066}},
	month = {},
	year = {}
}

@misc{paralelizacionamd,
	author = {},
	title = {AMD OpenCL™ Accelerated Parallel Processing},
	howpublished = {\newline \url{http://developer.amd.com/tools-and-sdks/opencl-zone/amd-accelerated-parallel-processing-app-sdk/}},
	month = {},
	year = {}
}

@misc{brookgpu,
	author = {},
	title = {BrookGPU},
	howpublished = {\newline \url{http://graphics.stanford.edu/projects/brookgpu/}},
	month = {},
	year = {}
}

@misc{peackstream,
	author = {},
	title = {PeackStream comprado por Google},
	howpublished = {\newline \url{https://www.crunchbase.com/organization/peakstream#/entity}},
	month = {},
	year = {}
}

@misc{rapidmind,
	author = {},
	title = {RapidMind es comprada por Intel},
	howpublished = {\newline \url{https://software.intel.com/en-us/articles/intel-array-building-blocks}},
	month = {},
	year = {}
}
