@misc{Nicol43,
	author = {},
	title = {Nicolás Copérnico - Wikipedia, la enciclopedia libre},
	howpublished = {\url{https://es.wikipedia.org/wiki/Nicol%C3%A1s_Cop%C3%A9rnico}},
	month = {},
	year = {},
	note = {(Accessed on 04/10/2016)}
}

\addcontentsline{toc}{chapter}{Bibliografía}


@misc{COPERNICO,
	title = {Copernico - Standars for AStronomy},
	howpublished = {\url{http://www.ascom-standards.org/}},
	note = "Última revisión: 23 de noviembre de 2015",
}


